%YAML 1.1
%TAG !u! tag:unity3d.com,2011:
--- !u!1 &3746728702670721547
GameObject:
  m_ObjectHideFlags: 0
  m_CorrespondingSourceObject: {fileID: 0}
  m_PrefabInstance: {fileID: 0}
  m_PrefabAsset: {fileID: 0}
  serializedVersion: 6
  m_Component:
  - component: {fileID: 1106603468364918567}
  - component: {fileID: 342435296035793679}
  - component: {fileID: 3946466312199391707}
  m_Layer: 0
  m_Name: Fire_Preview
  m_TagString: Untagged
  m_Icon: {fileID: 0}
  m_NavMeshLayer: 0
  m_StaticEditorFlags: 0
  m_IsActive: 1
--- !u!4 &1106603468364918567
Transform:
  m_ObjectHideFlags: 0
  m_CorrespondingSourceObject: {fileID: 0}
  m_PrefabInstance: {fileID: 0}
  m_PrefabAsset: {fileID: 0}
  m_GameObject: {fileID: 3746728702670721547}
  m_LocalRotation: {x: 0, y: 0, z: 0, w: 1}
  m_LocalPosition: {x: 0, y: 0, z: 0}
  m_LocalScale: {x: 1, y: 1, z: 1}
  m_Children:
  - {fileID: 6435989500255032040}
  - {fileID: 2251434912610781751}
  - {fileID: 6766789642582723598}
  - {fileID: 5563167980850119924}
  m_Father: {fileID: 0}
  m_RootOrder: 0
  m_LocalEulerAnglesHint: {x: 0, y: 0, z: 0}
--- !u!114 &342435296035793679
MonoBehaviour:
  m_ObjectHideFlags: 0
  m_CorrespondingSourceObject: {fileID: 0}
  m_PrefabInstance: {fileID: 0}
  m_PrefabAsset: {fileID: 0}
  m_GameObject: {fileID: 3746728702670721547}
  m_Enabled: 1
  m_EditorHideFlags: 0
  m_Script: {fileID: 11500000, guid: e948b935016aa5e4da57177880d25594, type: 3}
  m_Name: 
  m_EditorClassIdentifier: 
  layerGround: 11
  green: {fileID: 2100000, guid: 09338eb0142b6ae49a47d77646bee365, type: 2}
  red: {fileID: 2100000, guid: 4fa26716a7b86e84b96736698aa1311b, type: 2}
--- !u!65 &3946466312199391707
BoxCollider:
  m_ObjectHideFlags: 0
  m_CorrespondingSourceObject: {fileID: 0}
  m_PrefabInstance: {fileID: 0}
  m_PrefabAsset: {fileID: 0}
  m_GameObject: {fileID: 3746728702670721547}
  m_Material: {fileID: 0}
  m_IsTrigger: 1
  m_Enabled: 1
  serializedVersion: 2
  m_Size: {x: 0.90378946, y: 0.30296946, z: 0.9321656}
  m_Center: {x: -0.0026370585, y: 0.21318626, z: -0.013118863}
--- !u!1001 &598665403551428590
PrefabInstance:
  m_ObjectHideFlags: 0
  serializedVersion: 2
  m_Modification:
    m_TransformParent: {fileID: 1106603468364918567}
    m_Modifications:
    - target: {fileID: -4216859302048453862, guid: 70c31b5242889df49a47e06efb00c22c,
        type: 3}
      propertyPath: m_LocalPosition.x
      value: 0.3
      objectReference: {fileID: 0}
    - target: {fileID: -4216859302048453862, guid: 70c31b5242889df49a47e06efb00c22c,
        type: 3}
      propertyPath: m_LocalPosition.y
      value: 0
      objectReference: {fileID: 0}
    - target: {fileID: -4216859302048453862, guid: 70c31b5242889df49a47e06efb00c22c,
        type: 3}
      propertyPath: m_LocalPosition.z
      value: 0
      objectReference: {fileID: 0}
    - target: {fileID: -4216859302048453862, guid: 70c31b5242889df49a47e06efb00c22c,
        type: 3}
      propertyPath: m_LocalRotation.x
      value: 0.000000021855694
      objectReference: {fileID: 0}
    - target: {fileID: -4216859302048453862, guid: 70c31b5242889df49a47e06efb00c22c,
        type: 3}
      propertyPath: m_LocalRotation.y
      value: -0
      objectReference: {fileID: 0}
    - target: {fileID: -4216859302048453862, guid: 70c31b5242889df49a47e06efb00c22c,
        type: 3}
      propertyPath: m_LocalRotation.z
      value: -0
      objectReference: {fileID: 0}
    - target: {fileID: -4216859302048453862, guid: 70c31b5242889df49a47e06efb00c22c,
        type: 3}
      propertyPath: m_LocalRotation.w
      value: 1
      objectReference: {fileID: 0}
    - target: {fileID: -4216859302048453862, guid: 70c31b5242889df49a47e06efb00c22c,
        type: 3}
      propertyPath: m_RootOrder
      value: 3
      objectReference: {fileID: 0}
    - target: {fileID: -4216859302048453862, guid: 70c31b5242889df49a47e06efb00c22c,
        type: 3}
      propertyPath: m_LocalEulerAnglesHint.x
      value: 0
      objectReference: {fileID: 0}
    - target: {fileID: -4216859302048453862, guid: 70c31b5242889df49a47e06efb00c22c,
        type: 3}
      propertyPath: m_LocalEulerAnglesHint.y
      value: 0
      objectReference: {fileID: 0}
    - target: {fileID: -4216859302048453862, guid: 70c31b5242889df49a47e06efb00c22c,
        type: 3}
      propertyPath: m_LocalEulerAnglesHint.z
      value: 0
      objectReference: {fileID: 0}
    - target: {fileID: -4216859302048453862, guid: 70c31b5242889df49a47e06efb00c22c,
        type: 3}
      propertyPath: m_LocalScale.x
      value: 50
      objectReference: {fileID: 0}
    - target: {fileID: -4216859302048453862, guid: 70c31b5242889df49a47e06efb00c22c,
        type: 3}
      propertyPath: m_LocalScale.y
      value: 50
      objectReference: {fileID: 0}
    - target: {fileID: -4216859302048453862, guid: 70c31b5242889df49a47e06efb00c22c,
        type: 3}
      propertyPath: m_LocalScale.z
      value: 50
      objectReference: {fileID: 0}
    - target: {fileID: -1504981713932161579, guid: 70c31b5242889df49a47e06efb00c22c,
        type: 3}
      propertyPath: m_Materials.Array.data[0]
      value: 
      objectReference: {fileID: 2100000, guid: 09338eb0142b6ae49a47d77646bee365, type: 2}
    - target: {fileID: -927199367670048503, guid: 70c31b5242889df49a47e06efb00c22c,
        type: 3}
      propertyPath: m_Name
      value: Wall (3)
      objectReference: {fileID: 0}
    m_RemovedComponents: []
  m_SourcePrefab: {fileID: 100100000, guid: 70c31b5242889df49a47e06efb00c22c, type: 3}
--- !u!4 &5563167980850119924 stripped
Transform:
  m_CorrespondingSourceObject: {fileID: -4216859302048453862, guid: 70c31b5242889df49a47e06efb00c22c,
    type: 3}
  m_PrefabInstance: {fileID: 598665403551428590}
  m_PrefabAsset: {fileID: 0}
--- !u!1001 &1770692684507653908
PrefabInstance:
  m_ObjectHideFlags: 0
  serializedVersion: 2
  m_Modification:
    m_TransformParent: {fileID: 1106603468364918567}
    m_Modifications:
    - target: {fileID: -4216859302048453862, guid: 70c31b5242889df49a47e06efb00c22c,
        type: 3}
      propertyPath: m_LocalPosition.x
      value: 0
      objectReference: {fileID: 0}
    - target: {fileID: -4216859302048453862, guid: 70c31b5242889df49a47e06efb00c22c,
        type: 3}
      propertyPath: m_LocalPosition.y
      value: 0.15
      objectReference: {fileID: 0}
    - target: {fileID: -4216859302048453862, guid: 70c31b5242889df49a47e06efb00c22c,
        type: 3}
      propertyPath: m_LocalPosition.z
      value: 0.3
      objectReference: {fileID: 0}
    - target: {fileID: -4216859302048453862, guid: 70c31b5242889df49a47e06efb00c22c,
        type: 3}
      propertyPath: m_LocalRotation.x
      value: 0
      objectReference: {fileID: 0}
    - target: {fileID: -4216859302048453862, guid: 70c31b5242889df49a47e06efb00c22c,
        type: 3}
      propertyPath: m_LocalRotation.y
      value: 0.7071068
      objectReference: {fileID: 0}
    - target: {fileID: -4216859302048453862, guid: 70c31b5242889df49a47e06efb00c22c,
        type: 3}
      propertyPath: m_LocalRotation.z
      value: 0
      objectReference: {fileID: 0}
    - target: {fileID: -4216859302048453862, guid: 70c31b5242889df49a47e06efb00c22c,
        type: 3}
      propertyPath: m_LocalRotation.w
      value: 0.7071068
      objectReference: {fileID: 0}
    - target: {fileID: -4216859302048453862, guid: 70c31b5242889df49a47e06efb00c22c,
        type: 3}
      propertyPath: m_RootOrder
      value: 2
      objectReference: {fileID: 0}
    - target: {fileID: -4216859302048453862, guid: 70c31b5242889df49a47e06efb00c22c,
        type: 3}
      propertyPath: m_LocalEulerAnglesHint.x
      value: 0
      objectReference: {fileID: 0}
    - target: {fileID: -4216859302048453862, guid: 70c31b5242889df49a47e06efb00c22c,
        type: 3}
      propertyPath: m_LocalEulerAnglesHint.y
      value: 90
      objectReference: {fileID: 0}
    - target: {fileID: -4216859302048453862, guid: 70c31b5242889df49a47e06efb00c22c,
        type: 3}
      propertyPath: m_LocalEulerAnglesHint.z
      value: 0
      objectReference: {fileID: 0}
    - target: {fileID: -4216859302048453862, guid: 70c31b5242889df49a47e06efb00c22c,
        type: 3}
      propertyPath: m_LocalScale.x
      value: 50
      objectReference: {fileID: 0}
    - target: {fileID: -4216859302048453862, guid: 70c31b5242889df49a47e06efb00c22c,
        type: 3}
      propertyPath: m_LocalScale.y
      value: 50
      objectReference: {fileID: 0}
    - target: {fileID: -4216859302048453862, guid: 70c31b5242889df49a47e06efb00c22c,
        type: 3}
      propertyPath: m_LocalScale.z
      value: 50
      objectReference: {fileID: 0}
    - target: {fileID: -1504981713932161579, guid: 70c31b5242889df49a47e06efb00c22c,
        type: 3}
      propertyPath: m_Materials.Array.data[0]
      value: 
      objectReference: {fileID: 2100000, guid: 09338eb0142b6ae49a47d77646bee365, type: 2}
    - target: {fileID: -927199367670048503, guid: 70c31b5242889df49a47e06efb00c22c,
        type: 3}
      propertyPath: m_Name
      value: Wall (2)
      objectReference: {fileID: 0}
    m_RemovedComponents: []
  m_SourcePrefab: {fileID: 100100000, guid: 70c31b5242889df49a47e06efb00c22c, type: 3}
--- !u!4 &6766789642582723598 stripped
Transform:
  m_CorrespondingSourceObject: {fileID: -4216859302048453862, guid: 70c31b5242889df49a47e06efb00c22c,
    type: 3}
  m_PrefabInstance: {fileID: 1770692684507653908}
  m_PrefabAsset: {fileID: 0}
--- !u!1001 &2029872837950568946
PrefabInstance:
  m_ObjectHideFlags: 0
  serializedVersion: 2
  m_Modification:
    m_TransformParent: {fileID: 1106603468364918567}
    m_Modifications:
    - target: {fileID: -4216859302048453862, guid: 70c31b5242889df49a47e06efb00c22c,
        type: 3}
      propertyPath: m_LocalPosition.x
      value: -0.3
      objectReference: {fileID: 0}
    - target: {fileID: -4216859302048453862, guid: 70c31b5242889df49a47e06efb00c22c,
        type: 3}
      propertyPath: m_LocalPosition.y
      value: 0
      objectReference: {fileID: 0}
    - target: {fileID: -4216859302048453862, guid: 70c31b5242889df49a47e06efb00c22c,
        type: 3}
      propertyPath: m_LocalPosition.z
      value: 0
      objectReference: {fileID: 0}
    - target: {fileID: -4216859302048453862, guid: 70c31b5242889df49a47e06efb00c22c,
        type: 3}
      propertyPath: m_LocalRotation.x
      value: 0.000000021855694
      objectReference: {fileID: 0}
    - target: {fileID: -4216859302048453862, guid: 70c31b5242889df49a47e06efb00c22c,
        type: 3}
      propertyPath: m_LocalRotation.y
      value: -0
      objectReference: {fileID: 0}
    - target: {fileID: -4216859302048453862, guid: 70c31b5242889df49a47e06efb00c22c,
        type: 3}
      propertyPath: m_LocalRotation.z
      value: -0
      objectReference: {fileID: 0}
    - target: {fileID: -4216859302048453862, guid: 70c31b5242889df49a47e06efb00c22c,
        type: 3}
      propertyPath: m_LocalRotation.w
      value: 1
      objectReference: {fileID: 0}
    - target: {fileID: -4216859302048453862, guid: 70c31b5242889df49a47e06efb00c22c,
        type: 3}
      propertyPath: m_RootOrder
      value: 0
      objectReference: {fileID: 0}
    - target: {fileID: -4216859302048453862, guid: 70c31b5242889df49a47e06efb00c22c,
        type: 3}
      propertyPath: m_LocalEulerAnglesHint.x
      value: 0
      objectReference: {fileID: 0}
    - target: {fileID: -4216859302048453862, guid: 70c31b5242889df49a47e06efb00c22c,
        type: 3}
      propertyPath: m_LocalEulerAnglesHint.y
      value: 0
      objectReference: {fileID: 0}
    - target: {fileID: -4216859302048453862, guid: 70c31b5242889df49a47e06efb00c22c,
        type: 3}
      propertyPath: m_LocalEulerAnglesHint.z
      value: 0
      objectReference: {fileID: 0}
    - target: {fileID: -4216859302048453862, guid: 70c31b5242889df49a47e06efb00c22c,
        type: 3}
      propertyPath: m_LocalScale.x
      value: 50
      objectReference: {fileID: 0}
    - target: {fileID: -4216859302048453862, guid: 70c31b5242889df49a47e06efb00c22c,
        type: 3}
      propertyPath: m_LocalScale.y
      value: 50
      objectReference: {fileID: 0}
    - target: {fileID: -4216859302048453862, guid: 70c31b5242889df49a47e06efb00c22c,
        type: 3}
      propertyPath: m_LocalScale.z
      value: 50
      objectReference: {fileID: 0}
    - target: {fileID: -1504981713932161579, guid: 70c31b5242889df49a47e06efb00c22c,
        type: 3}
      propertyPath: m_Materials.Array.data[0]
      value: 
      objectReference: {fileID: 2100000, guid: 09338eb0142b6ae49a47d77646bee365, type: 2}
    - target: {fileID: -927199367670048503, guid: 70c31b5242889df49a47e06efb00c22c,
        type: 3}
      propertyPath: m_Name
      value: Wall
      objectReference: {fileID: 0}
    m_RemovedComponents: []
  m_SourcePrefab: {fileID: 100100000, guid: 70c31b5242889df49a47e06efb00c22c, type: 3}
--- !u!4 &6435989500255032040 stripped
Transform:
  m_CorrespondingSourceObject: {fileID: -4216859302048453862, guid: 70c31b5242889df49a47e06efb00c22c,
    type: 3}
  m_PrefabInstance: {fileID: 2029872837950568946}
  m_PrefabAsset: {fileID: 0}
--- !u!1001 &6504324660963680557
PrefabInstance:
  m_ObjectHideFlags: 0
  serializedVersion: 2
  m_Modification:
    m_TransformParent: {fileID: 1106603468364918567}
    m_Modifications:
    - target: {fileID: -4216859302048453862, guid: 70c31b5242889df49a47e06efb00c22c,
        type: 3}
      propertyPath: m_LocalPosition.x
      value: 0
      objectReference: {fileID: 0}
    - target: {fileID: -4216859302048453862, guid: 70c31b5242889df49a47e06efb00c22c,
        type: 3}
      propertyPath: m_LocalPosition.y
      value: 0.15
      objectReference: {fileID: 0}
    - target: {fileID: -4216859302048453862, guid: 70c31b5242889df49a47e06efb00c22c,
        type: 3}
      propertyPath: m_LocalPosition.z
      value: -0.3
      objectReference: {fileID: 0}
    - target: {fileID: -4216859302048453862, guid: 70c31b5242889df49a47e06efb00c22c,
        type: 3}
      propertyPath: m_LocalRotation.x
      value: 0
      objectReference: {fileID: 0}
    - target: {fileID: -4216859302048453862, guid: 70c31b5242889df49a47e06efb00c22c,
        type: 3}
      propertyPath: m_LocalRotation.y
      value: 0.7071068
      objectReference: {fileID: 0}
    - target: {fileID: -4216859302048453862, guid: 70c31b5242889df49a47e06efb00c22c,
        type: 3}
      propertyPath: m_LocalRotation.z
      value: 0
      objectReference: {fileID: 0}
    - target: {fileID: -4216859302048453862, guid: 70c31b5242889df49a47e06efb00c22c,
        type: 3}
      propertyPath: m_LocalRotation.w
      value: 0.7071068
      objectReference: {fileID: 0}
    - target: {fileID: -4216859302048453862, guid: 70c31b5242889df49a47e06efb00c22c,
        type: 3}
      propertyPath: m_RootOrder
      value: 1
      objectReference: {fileID: 0}
    - target: {fileID: -4216859302048453862, guid: 70c31b5242889df49a47e06efb00c22c,
        type: 3}
      propertyPath: m_LocalEulerAnglesHint.x
      value: 0
      objectReference: {fileID: 0}
    - target: {fileID: -4216859302048453862, guid: 70c31b5242889df49a47e06efb00c22c,
        type: 3}
      propertyPath: m_LocalEulerAnglesHint.y
      value: 90
      objectReference: {fileID: 0}
    - target: {fileID: -4216859302048453862, guid: 70c31b5242889df49a47e06efb00c22c,
        type: 3}
      propertyPath: m_LocalEulerAnglesHint.z
      value: 0
      objectReference: {fileID: 0}
    - target: {fileID: -4216859302048453862, guid: 70c31b5242889df49a47e06efb00c22c,
        type: 3}
      propertyPath: m_LocalScale.x
      value: 50
      objectReference: {fileID: 0}
    - target: {fileID: -4216859302048453862, guid: 70c31b5242889df49a47e06efb00c22c,
        type: 3}
      propertyPath: m_LocalScale.y
      value: 50
      objectReference: {fileID: 0}
    - target: {fileID: -4216859302048453862, guid: 70c31b5242889df49a47e06efb00c22c,
        type: 3}
      propertyPath: m_LocalScale.z
      value: 50
      objectReference: {fileID: 0}
    - target: {fileID: -1504981713932161579, guid: 70c31b5242889df49a47e06efb00c22c,
        type: 3}
      propertyPath: m_Materials.Array.data[0]
      value: 
      objectReference: {fileID: 2100000, guid: 09338eb0142b6ae49a47d77646bee365, type: 2}
    - target: {fileID: -927199367670048503, guid: 70c31b5242889df49a47e06efb00c22c,
        type: 3}
      propertyPath: m_Name
      value: Wall (1)
      objectReference: {fileID: 0}
    m_RemovedComponents: []
  m_SourcePrefab: {fileID: 100100000, guid: 70c31b5242889df49a47e06efb00c22c, type: 3}
--- !u!4 &2251434912610781751 stripped
Transform:
  m_CorrespondingSourceObject: {fileID: -4216859302048453862, guid: 70c31b5242889df49a47e06efb00c22c,
    type: 3}
  m_PrefabInstance: {fileID: 6504324660963680557}
  m_PrefabAsset: {fileID: 0}
